<mx:record xmlns="http://www.w3.org/TR/xhtml1/strict" xmlns:mx="http://www.loc.gov/MARC21/slim" xmlns:xsi="http://www.w3.org/2001/XMLSchema-instance"><mx:leader>00000cz   2200000n  0000</mx:leader><mx:controlfield tag="001">oca00717151 </mx:controlfield><mx:controlfield tag="005">20051003133721.0</mx:controlfield><mx:controlfield tag="008">820325n| acannaab           |a aaa      </mx:controlfield><mx:datafield ind1=" " ind2=" " tag="010"><mx:subfield code="a">n  82019932</mx:subfield></mx:datafield><mx:datafield ind1=" " ind2=" " tag="040"><mx:subfield code="a">DLC</mx:subfield><mx:subfield code="c">DLC</mx:subfield><mx:subfield code="d">DLC</mx:subfield></mx:datafield><mx:datafield ind1=" " ind2="0" tag="053"><mx:subfield code="a">PA6554.P65</mx:subfield></mx:datafield><mx:datafield ind1="0" ind2="0" tag="100"><mx:subfield code="a">Pelagonius.</mx:subfield></mx:datafield><mx:datafield ind1="0" ind2="0" tag="400"><mx:subfield code="a">Pelagonios</mx:subfield></mx:datafield><mx:datafield ind1=" " ind2=" " tag="670"><mx:subfield code="a">Author&amp;#039;s Pelagonii artis veterinariae ... 1892.</mx:subfield></mx:datafield><mx:datafield ind1=" " ind2=" " tag="670"><mx:subfield code="a">Megalē hellēnikē enkykl.</mx:subfield><mx:subfield code="b">(Pelagonios)</mx:subfield></mx:datafield><mx:datafield ind1=" " ind2=" " tag="670"><mx:subfield code="a">His Pelagonii ars veterinaria, 1980:</mx:subfield><mx:subfield code="b">t.p. (Pelagonii)</mx:subfield></mx:datafield><mx:datafield ind1=" " ind2=" " tag="670"><mx:subfield code="a">BLC</mx:subfield><mx:subfield code="b">(Pelagonius)</mx:subfield></mx:datafield><mx:datafield ind1=" " ind2=" " tag="670"><mx:subfield code="a">NUC pre-56</mx:subfield><mx:subfield code="b">(Pelagonius)</mx:subfield></mx:datafield><mx:datafield ind1=" " ind2=" " tag="670"><mx:subfield code="a">Pauly-Wiss.</mx:subfield><mx:subfield code="b">(Pelagonius)</mx:subfield></mx:datafield><mx:datafield ind1=" " ind2=" " tag="670"><mx:subfield code="a">Bib. nat.</mx:subfield><mx:subfield code="b">(Pelagonius)</mx:subfield></mx:datafield><mx:datafield ind1=" " ind2=" " tag="675"><mx:subfield code="a">Ency. Brit.;</mx:subfield><mx:subfield code="a">Jöcher;</mx:subfield><mx:subfield code="a">Grant.</mx:subfield></mx:datafield><mx:datafield ind1=" " ind2=" " tag="999"><mx:subfield code="a">537.7732</mx:subfield></mx:datafield></mx:record>